%Informes

@TECHREPORT{anac1019, title={Informe del Mercado Automotor},author={ANAC},institution={ANAC},year={2019},month={Octubre}}
@TECHREPORT{anac0220, title={Informe del Mercado Automotor},author={ANAC},institution={ANAC},year={2020},month={Febrero}}
@TECHREPORT{anac0822, title={Informe del Mercado Automotor},author={ANAC},institution={ANAC},year={2020},month={Agosto}}

%libros

@book{salas2009inventarios, title={Inventarios: manejo y control},author={Salas, Humberto Guerrero}, year={2009}, publisher={Ecoe Ediciones}}
@book{heizer, title={Principios de administraci{\'o}n de operaciones},author={Heizer, Jay and Render, Barry}, year={2009},edition = 7, publisher={Pearson Educaci{\'o}n}}
@book{indust4,author = {José Luis del Val Román},year = 2021,month = March,title = {Industria 4.0: la transformación digital de la industria},journal = {El Mercurio},pages = {B2}}
@book{proce,  title={Rediseno de procesos de negocios mediante el uso de patrones}, author={Oscar Barros},  year={2000},  edition = 1,  publisher={DOLMEN EDICIONES S.A}}
@book{leanmanu, title={Lean manufacturing paso a paso},author={Luis Socconini},year={2008}, edition = 1,  publisher={Alfaomega Colombiana}}
@book{logist, title={Logística Administración De La Cadena De Suministro},author={Ronald H . Ballou},year={2004}, edition = 5,publisher={Pearson Educaci{\'o}n}}
@book{nego,title={Administración Estratégica Y Política De Negocios conceptos y casos},author={Thomas L.Wheelen and J. David Hunger},year={2007},edition=10,publisher={Pearson Educaci{\'o}n}}

% articulo

@ARTICLE{mercu,author = {Marco Gutierrez V},year = 2021,month=March,title={Parque de autos se acelera y rozará los 5,5 millones de unidades este año},journal = {El Mercurio},pages = {B2}}
@ARTICLE{mercuhutt,author = {Gloria Hutt},year = 2021,month=March,title={Parque de autos se acelera y rozará los 5,5 millones de unidades este año},journal = {El Mercurio},pages = {B2}}
